<record xmlns="http://www.loc.gov/MARC21/slim" xmlns:xsi="http://www.w3.org/2001/XMLSchema-instance" xsi:schemaLocation="http://www.loc.gov/MARC21/slim http://www.loc.gov/standards/marcxml/schema/MARC21slim.xsd"><leader>     nam a22        4500</leader><controlfield tag="001">4906194</controlfield><controlfield tag="003">NNC</controlfield><controlfield tag="006">m        d        </controlfield><controlfield tag="007">cr cn |||m|||a</controlfield><controlfield tag="008">150601s1957    sy      o     000 0 ara d</controlfield><datafield ind1=" " ind2=" " tag="040"><subfield code="a">NNU</subfield><subfield code="b">eng</subfield><subfield code="e">rda</subfield><subfield code="c">NNU</subfield></datafield><datafield ind1="1" ind2=" " tag="100"><subfield code="6">880-01</subfield><subfield code="a">Trilling, Lionel,</subfield><subfield code="d">1905-1975.</subfield></datafield><datafield ind1="1" ind2="0" tag="245"><subfield code="6">880-02</subfield><subfield code="a">Mira&#772;&#65057;t al-nafs,</subfield><subfield code="c">biqalam Li&#772;u&#772;nyl Tri&#772;lli&#772;ngh, tarjamat Sali&#772;m Sala&#772;mah.</subfield></datafield><datafield ind1=" " ind2=" " tag="260"><subfield code="6">880-03</subfield><subfield code="a">Dimashq :</subfield><subfield code="b">Mat&#803;ba&#699;at al-Thaba&#772;t,</subfield><subfield code="c">[1957]</subfield></datafield><datafield ind1=" " ind2=" " tag="300"><subfield code="a">online resource ([1 volume])</subfield></datafield><datafield ind1=" " ind2=" " tag="336"><subfield code="a">text</subfield><subfield code="2">rdacontent</subfield></datafield><datafield ind1=" " ind2=" " tag="337"><subfield code="a">computer</subfield><subfield code="2">rdamedia</subfield></datafield><datafield ind1=" " ind2=" " tag="338"><subfield code="a">online resource</subfield><subfield code="2">rdacarrier</subfield></datafield><datafield ind1=" " ind2=" " tag="500"><subfield code="a">Part of the Arabic Collections Online (ACO) project, contributed by Columbia University Libraries.</subfield></datafield><datafield ind1=" " ind2=" " tag="533"><subfield code="a">Electronic reproduction.</subfield><subfield code="b">New York, N.Y. :</subfield><subfield code="c">New York University,</subfield><subfield code="d">2015.</subfield><subfield code="5">NNU</subfield></datafield><datafield ind1=" " ind2="0" tag="650"><subfield code="a">Literature, Modern.</subfield></datafield><datafield ind1="1" ind2=" " tag="700"><subfield code="6">880-04</subfield><subfield code="a">Sala&#772;mah, Sali&#772;m. </subfield></datafield><datafield ind1="2" ind2=" " tag="710"><subfield code="a">Columbia University.</subfield><subfield code="b">Libraries.</subfield></datafield><datafield ind1="0" ind2=" " tag="730"><subfield code="a">Arabic Collections Online.</subfield></datafield><datafield ind1="0" ind2="8" tag="776"><subfield code="i">Print version:</subfield><subfield code="a">Trilling, Lionel, 1905-1975.</subfield><subfield code="t">Mira&#772;&#65057;t al-nafs</subfield><subfield code="w">(NNC)4906194</subfield><subfield code="w">(OCoLC)56834476</subfield></datafield><datafield ind1="4" ind2="0" tag="856"><subfield code="u">http://hdl.handle.net/2333.1/rxwdbv91</subfield></datafield><datafield ind1="1" ind2=" " tag="880"><subfield code="6">100-01/r</subfield><subfield code="a">&#1578;&#1585;&#1610;&#1604;&#1610;&#1606;&#1594;&#1548; &#1604;&#1610;&#1608;&#1606;&#1610;&#1604;&#1548;</subfield><subfield code="d">1905-1975.</subfield></datafield><datafield ind1="1" ind2="0" tag="880"><subfield code="6">245-02/r</subfield><subfield code="a">&#1605;&#1585;&#236;&#1577; &#1575;&#1604;&#1606;&#1601;&#1587;&#1548;</subfield><subfield code="c">&#1576;&#1602;&#1604;&#1605; &#1604;&#1610;&#1608;&#1606;&#1610;&#1604; &#1578;&#1585;&#1610;&#1604;&#1610;&#1606;&#1594;&#1548; &#1578;&#1585;&#1580;&#1605;&#1577; &#1587;&#1604;&#1610;&#1605; &#1587;&#1604;&#1575;&#1605;&#1577;.</subfield></datafield><datafield ind1=" " ind2=" " tag="880"><subfield code="6">260-03/r</subfield><subfield code="a">&#1583;&#1605;&#1588;&#1602; :</subfield><subfield code="b">&#1605;&#1591;&#1576;&#1593;&#1577; &#1575;&#1604;&#1579;&#1576;&#1575;&#1578;&#1548;</subfield><subfield code="c">[1957]</subfield></datafield><datafield ind1="1" ind2=" " tag="880"><subfield code="6">700-04/r</subfield><subfield code="a">&#1587;&#1604;&#1575;&#1605;&#1577;&#1548; &#1587;&#1604;&#1610;&#1605;. </subfield></datafield><datafield ind1=" " ind2=" " tag="959"><subfield code="a">NNU</subfield><subfield code="b">WEB</subfield><subfield code="c">GENI</subfield><subfield code="t">0</subfield><subfield code="m">Electronic access</subfield><subfield code="s">01</subfield></datafield><datafield ind1=" " ind2=" " tag="999"><subfield code="i">NNC_4906194</subfield><subfield code="o">(OCoLC)ocm56834476</subfield><subfield code="s">columbia_aco000466</subfield><subfield code="e">(ERROR-880)</subfield><subfield code="s">columbia_aco000466</subfield></datafield></record>